2146 3806
231 226 677 302 ‚Quirinoutm

64 301 186 361 Potentis
204 303 335 362 tumidos
351 303 441 362 levare
452 325 570 366 ventres.

99 378 161 439 Hic
177 399 206 439 te
223 385 283 459 jam
296 383 392 441 videor
405 383 498 442 videre
515 388 544 443 in
563 387 660 459 Urbe,

63 459 129 518 Non
145 459 290 520 ridentem
303 462 413 532 oculis,
431 482 480 521 nec
490 483 538 522 ort
553 466 664 536 lartum,

63 538 119 598 Nec
130 540 192 617 qu‘a
202 543 282 600 mole
297 539 375 618 priris
389 541 498 600 lereuus
512 543 589 614 ibas,

62 615 118 675 Nec
128 639 189 698 quo
201 619 293 700 grellu
304 621 385 701 agilis
399 619 488 680 modo
498 620 551 681 huc
561 666 569 693 ,
581 625 670 688 modo
682 625 749 688 illuc

62 696 157 774 Nuper
171 717 199 757 te
212 700 348 758 omnibus
361 698 482 758 obvium
494 699 597 762 ferebas
605 747 614 775 ,

65 776 202 836 Dividens
220 779 308 848 lacta,
320 777 444 837 fabulosa
456 827 463 849 ‚
475 783 567 852 acuti,

61 854 117 914 Nec
134 857 194 935 quir
206 877 275 916 voce
289 875 389 916 tonans
402 859 508 936 ubique
519 862 629 922 amabas

63 935 183 994 Divinos
197 935 350 996 vehemens
363 935 459 997 sonare
473 939 585 1007 versun

63 1015 108 1074 Sed
118 1018 193 1074 cavis
206 1018 297 1075 oculis
307 1064 316 1086 ,
328 1016 374 1075 led
390 1037 439 1076 ore
449 1017 573 1090 moesto,

63 1093 108 1150 Sed
121 1093 230 1155 tristern
241 1141 249 1168 ‚
261 1104 290 1156 &
300 1097 494 1166 macilentum,
508 1107 535 1157 δι
544 1102 719 1164 aemulantem

64 1174 182 1232 Maturus
194 1195 295 1235 croceo
306 1176 400 1234 colore
414 1173 527 1245 aristas,

65 1251 110 1310 Sed
124 1258 204 1332 gravi
217 1254 364 1315 stomacho
377 1263 404 1314 &
421 1253 577 1324 laborioso,

64 1331 115 1388 Vix
132 1334 246 1409 pondus
262 1331 407 1392 stomacho
425 1331 505 1392 suurn
522 1334 625 1397 ferente
632 1360 643 1404 ς
720 1351 723 1358 “

64 1407 120 1466 Hoc
131 1429 195 1482 ore,
206 1411 262 1472 hoc
278 1412 374 1472 habitu
389 1411 504 1490 placebis
523 1417 615 1489 Urbi,

64 1486 187 1564 Hpmnos
202 1493 345 1572 pollicitus
361 1491 411 1552 diti
425 1509 558 1572 negatos,
642 1509 648 1516 “

67 1565 189 1644 Hynrnos
207 1569 338 1630 difficiles
354 1571 416 1629 loco
431 1576 559 1640 moveri,

65 1645 193 1708 Venturos
207 1650 284 1720 cito,
299 1648 443 1728 semper&
456 1671 613 1711 morantes:

64 1725 120 1784 Hoc
130 1748 176 1786 ote
187 1771 197 1798 ,
209 1729 265 1789 hoc
280 1729 377 1789 habitu
391 1727 506 1806 placebis
526 1732 614 1802 Urbi,

66 1801 133 1865 Nam
148 1807 231 1868 talem
252 1811 320 1887 petit
333 1811 524 1887 expiationem

66 1881 278 1948 Flesti‘difficilis
291 1936 299 1959 ‚
310 1887 416 1965 tibique
434 1888 521 1956 dura,

66 1963 142 2029 Quod
152 1963 218 2035 sibi,
229 1977 257 2028 &
270 1969 380 2044 Superis
390 1965 505 2042 (nefas)
515 1961 616 2028 dedisti

65 2041 144 2104 Verba
157 2044 304 2142 sacrilegus
312 2043 496 2124 ,tl’olitmque
511 2045 596 2105 ludis.

66 2125 96 2175 At
108 2141 155 2181 nos
170 2126 278 2184 interea
292 2126 471 2205 benigniores
487 2167 495 2195 ,

63 2200 133 2279 Quos
145 2201 219 2264 decet
232 2205 324 2263 brevis
340 2206 399 2274 ira,
417 2222 441 2263 te
456 2202 598 2264 dolentem

62 2276 112 2341 lam
124 2282 207 2357 culpat
223 2286 425 2352 immemores,
436 2283 505 2342 boni
517 2324 525 2352 ‚
538 2283 634 2362 piique

63 2355 215 2422 salutaribus
230 2361 381 2423 offeremus
397 2365 468 2426 arisi

63 2435 171 2509 Blanda,
183 2450 211 2503 ει
220 2443 281 2503 alba
292 2441 404 2502 Cohors
417 2483 426 2510 ‚
437 2435 550 2500 Cohors
559 2440 662 2512 amica,

62 2515 154 2590 Quru
165 2541 183 2578 τ
194 2543 234 2582 ru
245 2543 262 2581 u
272 2543 297 2581 rr
309 2523 457 2581 unanimes
471 2539 583 2578 movere
597 2519 693 2598 lustu,

60 2591 199 2730 lunpernus
218 2602 353 2680 lacrymas
369 2618 417 2659 tuo
434 2597 546 2671 dolori,

63 2667 91 2726 Et
111 2672 209 2752 uspiria
219 2725 227 2748 ,
238 2679 399 2760 flebile'sque
413 2698 527 2739 cantus:

63 2746 101 2808 Tu
110 2753 256 2830 prostratus
267 2759 346 2820 humi
358 2803 366 2830 ‚
378 2767 405 2820 ut
413 2777 526 2841 gemens
538 2801 545 2827 ,
557 2765 585 2818 &
594 2777 693 2836 mans,

63 2826 203 2896 Dennabis
216 2839 300 2899 scelus
312 2880 322 2910 ,
332 2847 360 2900 &
371 2858 465 2896 moras
479 2856 624 2909 nocentes,

65 2905 283 2998 Quurtuoque
293 2917 395 2977 itertim
410 2915 494 2976 fidem
509 2917 665 2996 obligabis,

63 2978 123 3048 Non
136 2990 218 3056 fidem
231 2997 374 3057 volucrem
386 3041 394 3066 ,
408 2997 618 3074 po‘e'ticamque,

62 3060 114 3122 Ntt
126 3072 231 3148 qualern
246 3078 328 3136 toties
343 3077 410 3134 Polo
421 3071 568 3154 obligasti,

64 3141 176 3211 profanis
193 3155 307 3224 iterans,
318 3155 427 3230 valere,
438 3151 536 3212 mulis:

65 3219 141 3287 Erunt
155 3233 199 3291 Ali
221 3235 278 3305 eri,
290 3233 421 3312 Deusque
434 3231 533 3302 restes,

65 3295 93 3355 Et
106 3324 151 3366 uos
167 3251 220 3392 {pi
231 3317 355 3377 erimuss
368 3311 481 3371 Dicabis
493 3311 607 3390 hymnis

62 3377 192 3451 Eterntlm
205 3391 349 3471 cytharam
360 3434 369 3464 ,
380 3400 408 3452 δι
421 3389 523 3450 modos
537 3391 707 3529 sonantes,H
725 3468 747 3544 ij
