2146 3806
285 169 703 256 Quattuourrr]
867 183 926 244 ιοι,

55 257 218 334 Expertus,
228 255 283 330 iarn
294 276 354 316 tum
366 256 448 316 solari
457 275 577 336 coeperat
589 304 598 326 ,
614 277 648 316 er
659 275 717 336 quo

57 335 191 394 Credidit
198 337 227 395 in
237 333 336 397 Gallos
347 335 446 398 saevam
456 337 670 416 indignantibus
679 333 761 394 astris

57 411 217 475 Incubuisse
228 417 341 475 Famem
353 440 361 474 r
376 413 487 477 Batav'as
504 413 619 494 impune*
631 435 679 496 per
690 414 770 472 urbes
798 463 806 476 .

59 495 207 553 AErecavo
220 496 389 573 increpitans
398 494 481 557 solit'b
497 497 642 566 instantior
653 493 727 562 ibat,

61 573 94 628 Et
106 573 253 653 vulgabat,
262 577 305 634 uti
313 593 408 635 rerum
418 576 449 632 in
457 572 618 633 discrimine
628 591 707 632 tanto
720 613 730 642 ,

62 653 185 710 Gentem
194 653 330 712 invidiam
340 655 442 724 armis,
454 662 482 714 dr
493 653 604 710 dantem
616 655 677 728 jura
686 668 733 729 per
745 661 846 706 omnes

63 729 184 808 Europae
194 732 314 810 populos
325 779 334 805 ‚
344 734 413 791 laetis
423 754 481 792 non
493 729 576 790 sidere
585 731 667 789 rebus

64 807 211 885 Amplitis.
222 810 279 869 Hic
290 809 377 872 fixam
391 811 494 892 rapidis
504 827 608 872 metant
619 807 668 869 esse
677 801 842 882 triumphis.

101 891 160 949 His
171 890 396 970 super—addebat,
407 890 680 960 vindicianum,
693 886 783 967 ipsam

64 965 207 1029 Infensam
217 974 347 1030 Cererem
352 1007 367 1041 t,
378 969 480 1030 steriles
491 971 645 1029 horrescere
654 983 784 1046 campos,

67 1047 770 1128 MutatisquevicesNaturamelctpent'aqueruptis

68 1128 187 1205 Legibus
199 1132 239 1187 ire
248 1131 343 1200 απὸ,
356 1128 428 1207 lapsa
436 1132 534 1188 omnia
541 1127 554 1199 ‚'
564 1129 674 1187 vindice
683 1128 755 1186 coelo

70 1205 190 1284 ln'pejus
203 1226 292 1266 ruere.
314 1211 399 1276 Haec,
409 1215 437 1266 &
450 1207 530 1278 talia,
544 1205 664 1285 perfidus
677 1204 766 1266 hostis

71 1285 315 1362 saepeobjectabat.
339 1288 448 1346 Francis
459 1288 510 1365 qui
521 1281 644 1364 ptaesdet
655 1287 715 1342 oris

73 1363 169 1422 Audiit
181 1364 237 1423 haec
247 1367 372 1424 Genius:
384 1367 475 1443 paucis
487 1363 521 1424 sac
530 1363 576 1424 ille
587 1362 721 1440 rependit.

74 1439 850 1606 sinisii?{sinisii}hisssshisisn‚

78 1600 132 1657 Tot
138 1601 231 1660 clades
240 1604 328 1676 inter,
338 1601 423 1683 pasius
437 1620 479 1666 tot
489 1605 591 1664 damna
600 1601 740 1682 superbis?

80 1676 143 1748 Dic,
156 1681 233 1740 venit
244 1681 317 1740 unde
328 1683 380 1741 tibi
389 1683 535 1760 jasiantiam
549 1677 678 1761 pessimus
693 1687 807 1762 Augur,

78 1757 110 1815 Et
120 1757 229 1817 Divirm
241 1764 394 1838 Interptes?
406 1763 514 1821 Stcriles
523 1779 571 1819 cur
582 1759 680 1836 objicis
691 1772 793 1838 agros?

78 1841 122 1894 An
131 1837 235 1910 neseis,
247 1837 353 1900 vestros
363 1840 445 1900 nobis
456 1838 632 1920 pinguescere
640 1856 769 1916 campos,

78 1915 154 1975 Mille
162 1916 359 1990 cadaveribus,
373 1938 435 1999 quae
445 1938 533 1998 nuper
545 1914 692 1977 stravimus
703 1919 808 1978 amitt

79 1992 247 2074 Evers'a‘sque
259 2002 356 2066 Arses,
365 1996 526 2076 excelsique
536 1999 646 2062 moeuia
656 1995 732 2055 nudo

76 2072 159 2134 Nunc
169 2075 399 2152 aequatasolo,1&
411 2077 518 2137 Francis
528 2073 713 2136 mansuescere
723 2077 824 2136 aratris

77 2153 213 2213 Indociies
226 2173 324 2226 terras,
338 2165 366 2216 dr
375 2157 465 2216 cuitus
479 2156 580 2216 discere
590 2153 717 2215 nostros?

66 2237 148 2292 „ilinc
154 2233 381 2311 sperandascgts‚
393 2233 545 2313 vestrisque
552 2237 640 2315 rigata
651 2249 761 2291 cruore.

79 2311 134 2370 Tot
145 2312 258 2372 domitat
268 2331 362 2393 gentes
372 2313 430 2373 haec
440 2314 586 2394 vestigalia
595 2311 705 2371 debent.

79 2389 119 2446 Sic
130 2387 231 2471 segetes
242 2392 313 2450 vidit
323 2391 453 2452 subversi
461 2394 577 2449 crescere
587 2383 677 2466 Troji

78 2468 158 2527 Alma
168 2473 252 2530 Ceres
259 2513 269 2541 ,
279 2467 447 2550 stupuitque
453 2467 549 2528 hostili
561 2467 696 2546 sanguine
705 2484 791 2527 natas.

114 2553 184 2628 Ques
195 2551 297 2627 palmas
311 2569 431 2620 metere,
443 2557 471 2610 δι
481 2550 572 2627 potuit
583 2546 632 2608 sibi
640 2565 761 2627 quaerere
772 2552 896 2620 LauroS,

80 2626 138 2703 Ipsa
148 2629 216 2707 leget
230 2629 370 2688 frumenta
380 2649 490 2688 manus.
511 2625 745 2699 Velocioraestas,

83 2706 176 2786 Bisque
186 2712 269 2766 Ceres
281 2729 355 2767 anno
365 2707 460 2786 potitis
469 2709 579 2768 floreret
588 2709 618 2766 iu
630 2728 703 2781 uuo,

84 2791 122 2844 Ur
141 2784 253 2864 erstque
266 2785 326 2847 suas
335 2789 426 2847 alieno
438 2805 562 2864 tempore
571 2785 685 2864 fruges,

85 2871 109 2923 U
122 2866 248 2944 queadeo
262 2863 364 2928 nostris
373 2867 474 2946 gaudet
484 2864 587 2924 servire
600 2860 763 2940 triumphis.

136 2964 286 3024 namquatu
294 2943 315 3005 ὃ
324 2955 331 3003 !
340 2943 459 3004 sufficiat
467 2963 529 3024 quae
537 2947 594 3020 jam
606 2945 702 3000 omnia
708 2935 815 3000 carbasa
826 2933 933 3016 pandit,

65 3075 67 3079 ,
84 3025 130 3082 No
154 3044 181 3086 ra
191 3027 282 3086 Ratis.
292 3021 410 3102 Videu'z
424 3040 454 3083 ut
463 3025 551 3103 puppi
562 3021 632 3102 uigil
642 3011 821 3080 excuberahi

86 3215 107 3268 le
127 3211 267 3266 assoibsiroit
289 3213 312 3264 la
329 3215 438 3274 France,
462 3215 488 3266 ic
519 3209 554 3264 ses
562 3215 621 3261 vers
631 3207 654 3259 se
668 3206 699 3256 rit
711 3205 741 3256 de
754 3205 807 3255 scut
822 3199 933 3268 esperare·

105 3282 170 3332 u’else
183 3280 204 3329 la
224 3275 334 3330 rendroit
351 3278 433 3330 moine
451 3293 488 3330 re·
519 3271 749 3327 ce.rffetatvenent
763 3266 951 3336 leutjoytfut

89 3299 204 3407 denubit.
226 3349 264 3402 Μ.
277 3343 307 3398 de
318 3345 418 3398 sauteul
429 3345 489 3398 dans
520 3353 617 3394 course.
