2146 3806
318 230 733 312 Qorrrrraorrrn.
920 250 957 310 ,γ

87 309 170 370 Dum
178 309 307 370 certatim
319 314 424 391 agitant
433 312 526 371 modia
537 315 609 370 inter
619 311 720 391 gaudia
728 312 831 374 cives?

88 391 197 449 Nostra
208 389 336 458 laborato
348 391 458 450 decoras
469 391 573 450 inclusa
587 391 635 448 sub
651 409 721 450 auro

85 467 219 528 floribus
230 468 303 538 olla,
314 467 403 527 sacros
412 472 550 530 &circum
564 467 688 528 incendis
702 467 821 541 odores;

87 550 143 606 Dic
152 546 246 617 mihi,
253 550 419 626 promeritis
430 569 478 608 cur
487 549 615 608 laudibus
626 547 739 606 invidus
750 549 862 611 obstas?

87 629 192 686 Dicam
204 625 353 704 equidem,
364 626 421 686 haec
431 629 554 686 coelome
563 625 746 686 mordeteura
756 628 878 691 beatum.

129 709 217 786 Quos
226 703 451 766 inihisaurorr
460 729 493 766 os
507 709 611 787 pleclto
624 706 768 764 celonante
781 712 894 771 canebat

87 783 209 844 Afflatus
219 785 337 843 monitis
347 784 518 856 coelestrbus,
535 787 619 864 eripis
629 783 752 862 hymnos

85 863 219 924 Crudelis
230 873 238 921 l
250 862 391 942 qudceffrt
401 862 509 936 honos,
526 865 586 944 qud
616 865 687 922 lotia
697 861 787 923 nostri

84 941 246 1002 Nominis?
259 961 293 999 au
308 942 394 1020 speras
406 939 522 1022 impund
538 882 759 1004 lacedemones
774 956 784 1002 Ξ

126 1020 298 1080 Pontificum
307 1025 376 1082 titus
387 1065 396 1092 ‚
408 1031 435 1082 &
446 1027 508 1100 juta
521 1026 677 1100 antiquam
695 1040 734 1090 rt.

83 1107 292 1179 §actorumque
303 1101 385 1162 rudes
398 1099 449 1160 scis
460 1100 613 1160 informare
621 1099 788 1172 ministros,

82 1185 181 1258 Atque
189 1180 386 1258 incompofitas
395 1178 536 1238 modulari
547 1223 555 1250 ,
568 1189 595 1239 dr
610 1181 720 1238 neuere
733 1200 814 1240 voces

83 1261 187 1320 Certos
198 1259 233 1318 ad
243 1278 375 1318 numeros
383 1288 395 1332 5
403 1256 557 1318 concellum
569 1257 623 1319 hoc
633 1273 736 1318 munus
745 1258 779 1318 ab
787 1263 844 1321 alto

82 1336 280 1408 Crediderim,
292 1358 384 1416 noque
396 1357 421 1396 re
431 1335 605 1418 praestantior
614 1337 696 1396 exirit
708 1356 834 1416 unquam

81 1418 249 1494 Imperitar'e
258 1416 370 1490 choris,
382 1413 501 1478 &corda
515 1416 661 1478 accendere
670 1433 762 1476 cantu.

123 1495 258 1576 Ungendi
270 1494 288 1554 st
299 1494 460 1568 Pontifices,
471 1493 491 1552 fi
501 1493 571 1556 sacta
581 1495 716 1573 paranda,

81 1573 233 1652 Promptus
248 1574 329 1645 ades,
339 1595 457 1634 numero
468 1571 631 1656 dmagnotu
642 1579 759 1654 polceris
771 1595 865 1642 unuss

83 1651 131 1710 ad
142 1670 188 1712 tua
198 1651 318 1732 luspensr
330 1651 510 1714 stantcircum
520 1653 587 1730 julla
600 1653 725 1713 Ministri
737 1699 746 1727 ‚

82 1734 155 1801 Quo
170 1750 200 1789 tu
209 1751 332 1812 cumque
340 1753 421 1794 vocas
432 1733 536 1792 dociles
547 1775 557 1804 ,
567 1731 723 1811 nutumque
733 1732 896 1812 sequuntur.

83 1810 218 1871 Vidimus
229 1829 260 1870 ut
274 1810 404 1889 templis,
415 1809 545 1872 dumritd
557 1813 680 1888 operaris
693 1811 815 1882 adaias,

1 1957 2 1960 Ἴ
82 1888 817 1970 Adcoelumattollensoculos3manibusquesnpinis,

1 1997 2 2006 κ
79 1970 116 2025 In
127 1985 211 2027 tetras
223 1987 315 2028 totum
327 1973 405 2050 cogis
416 1969 577 2032 descendere
588 1969 756 2049 Olympum.

82 2050 218 2106 Cantoris
237 2047 368 2108 slmlmus
379 2049 461 2122 obis,
476 2069 536 2127 quac
547 2049 635 2130 gratia
645 2051 741 2108 vocis!

78 2123 180 2204 Qudm
190 2129 284 2206 gravis
295 2125 423 2186 locellus!
434 2123 491 2207 qul
502 2125 641 2208 majestate
655 2127 785 2187 Sacerdos

1 2259 2 2278 p
77 2202 181 2284 Longd
188 2225 287 2264 omnes
294 2205 393 2284 supra,
406 2210 437 2265 in
446 2207 546 2267 mediis
557 2207 741 2286 penetralibus
750 2203 858 2276 astans,

1 2281 2 2296 ¹
75 2282 175 2342 Aurei
185 2281 258 2343 veste
268 2287 356 2357 nites,
367 2283 534 2365 stratamque
544 2285 678 2363 tapetibus
690 2285 790 2360 amplis

76 2359 181 2440 Qndm
190 2361 262 2422 bend
274 2365 360 2424 verris
371 2362 509 2424 humum!
523 2362 616 2422 media
628 2364 698 2420 inter
708 2359 780 2420 sacra
788 2368 910 2440 putarim

75 2443 123 2499 Te
133 2438 233 2502 sentire
245 2445 339 2501 Deum
349 2485 356 2514 ,
365 2441 537 2522 ptaelensque
543 2437 691 2532 {gnoscere
697 2461 814 2502 numen.

75 2521 112 2576 ln
122 2537 149 2578 te
157 2540 256 2580 omnes
267 2519 355 2580 defixi
365 2521 460 2579 oculos
472 2521 628 2590 mirantur,
637 2527 664 2582 &
675 2516 780 2580 haerenr
791 2536 794 2543 '

78 2596 228 2670 ¹Attoniti,
247 2618 321 2658 tanta
330 2595 369 2658 est
375 2595 477 2676 placidi
491 2597 764 2661 reverentiavulnlsl
780 2675 781 2678 Ἴ

112 2678 185 2736 Non
195 2682 309 2758 ignarus
319 2697 372 2758 ego
380 2721 389 2748 ‚
397 2687 425 2738 δι
436 2681 542 2759 lemper
550 2679 705 2738 meminillc
712 2679 843 2758 juvabit,

74 2749 144 2834 Qual
156 2759 255 2836 pietate
268 2777 348 2818 meos
357 2759 462 2818 cineres
476 2778 579 2838 ,atquc
588 2758 643 2818 olla
654 2779 701 2838 per
714 2758 814 2818 urbem

72 2835 212 2914 Subjedlis
227 2854 319 2914 portes
331 2835 473 2909 humeris,
483 2839 640 2900 venerabile
652 2835 763 2915 pondus
780 2880 791 2908 ,

1 2956 8 2970 .
65 2920 156 2987 Dum
169 2913 314 2974 Genovcfa
326 2912 409 2975 luise*
420 2915 531 2975 sedibus
541 2933 763 2988 evocatomnes,

74 2997 111 3054 Et
125 2995 205 3074 jubet
221 2997 262 3052 ire
275 2994 359 3054 lactas
372 2989 408 3052 ad
417 2998 516 3054 matris
527 2995 656 3082 Virginis
670 2993 753 3052 aedes.

112 3072 223 3134 Addere
234 3074 312 3152 plura
322 3090 394 3144 vetat
404 3073 501 3132 violati
511 3073 614 3150 injuria
622 3073 727 3132 cultirs.

72 3155 182 3214 Scilicet
192 3152 246 3211 hoc
256 3149 354 3221 funin,
366 3147 480 3230 gemina
490 3150 681 3229 quemlundis
692 3145 785 3211 acertd
799 3194 811 3221 ,
832 3187 834 3198 ,

73 3233 203 3294 AEtherci
215 3250 340 3310 proceres
351 3249 403 3288 nos
415 3229 564 3309 pascimur:
573 3227 814 3307 improbeculrum

73 3312 157 3392 Quid
168 3308 295 3379 limium,
305 3307 542 3389 gaudelquemeis
554 3329 599 3366 me
611 3307 727 3364 illudere
737 3304 847 3383 templis
861 3315 872 3368 ἒ

73 3395 146 3456 Non
159 3391 234 3450 lccus
245 3407 275 3446 ae
285 3386 352 3446 ludo
363 3391 442 3470 pueri
450 3389 570 3452 clamore
579 3383 721 3454 salutant,

167 3479 277 3534 Tolum
291 3476 334 3531 ld·
760 3486 764 3492 ⁴
777 3461 794 3524 ²
