2146 3806
286 197 696 274 Quraruouru.
921 200 957 266 87

71 278 183 356 Scripta
194 270 330 354 placent,
344 293 401 333 nor
411 272 549 334 insomnis
583 293 623 333 uae
634 274 750 356 parturit
761 287 827 332 una.

71 355 225 416 informes
235 356 332 414 animi
342 352 444 421 scetus,
460 363 488 414 δι
498 294 622 414 menbra
630 353 774 432 pudenda.

74 435 148 495 Non
164 439 207 494 ita
225 435 365 514 praecipiti
376 433 443 512 pede
451 435 589 492 currimus
598 423 912 511 tercubat‚omnesque

74 515 221 574 observat
231 533 337 574 ventos
349 561 356 584 ,
373 512 446 572 cessi
454 514 488 572 de
499 533 589 591 puppe
598 513 745 593 magister,

76 594 250 674 Syrtesque,
265 591 466 671 scopulosque,
476 595 603 671 marique
613 593 724 651 latentia
734 589 812 662 saxa,

76 676 150 732 Ante
162 673 230 732 suas
240 691 319 734 tutus
328 668 415 752 quam
425 675 516 730 mittat
528 674 559 729 in
569 691 681 750 aequora
692 690 785 729 naves.

112 754 159 811 Sic
173 771 279 811 rerum
289 751 369 810 docet
378 753 449 810 alma
460 770 556 829 parens
569 791 577 820 ‚
588 769 650 837 quae
658 753 758 810 cuneta
767 747 907 812 ministrat

78 832 229 910 Tempore
239 849 306 890 natu
314 831 365 890 suo
375 833 499 898 Natura:
512 828 581 900 hane,
593 827 665 888 sorti
677 847 834 890 morantem

76 909 147 968 Non
156 910 297 992 urgendo
309 929 416 988 premas
426 953 435 980 ‚
445 907 519 968 fallet
528 928 574 968 tua
584 927 649 968 vota
659 908 822 988 premendo.

115 989 244 1048 Poscunt
254 990 590 1126 maqnamoras‚longus
600 989 678 1048 labor
687 1009 743 1048 arte
753 985 890 1070 magistri

79 1067 225 1128 Consusas
237 1067 298 1127 fine
326 1069 412 1128 eiestu
427 1067 578 1126 resordtne
588 1071 679 1145 ponit.

79 1149 158 1205 Dum
167 1149 242 1206 calet
253 1150 321 1228 igne
330 1151 459 1218 animus,
471 1146 521 1205 fibr
520 1147 633 1283 plaudit
644 1157 671 1208 &
682 1149 814 1228 approbat
823 1149 919 1210 auctor

81 1227 170 1285 Prolis
181 1247 286 1286 amore
295 1229 350 1291 suat
360 1267 370 1298 ,
382 1225 461 1305 quod
470 1245 518 1284 cru
540 1246 587 1283 um
598 1224 613 1284 ὲ
626 1229 737 1304 pesiote
745 1227 835 1300 fudit,

79 1304 204 1366 Error&
215 1306 278 1385 ipse
308 1308 393 1374 lacet,
404 1307 454 1383 qui
462 1302 531 1364 se-se
543 1303 646 1441 detepit
658 1306 750 1378 ultrb,

81 1384 273 1464 Occurritque
284 1327 350 1456 ibi,
362 1382 388 1444 se
400 1383 513 1464 quando
523 1387 594 1442 remi
609 1386 660 1443 erit
669 1381 759 1445 aestur.

116 1463 261 1543 Quisquis
269 1465 629 1544 amatmagnum&quaerit
637 1483 686 1543 ptr
695 1465 819 1524 earmina
828 1481 930 1522 nomen
944 1505 955 1536 ,

81 1540 165 1600 Hune
174 1563 289 1602 moneo
297 1545 439 1622 imprimit
451 1587 459 1614 ,
476 1545 633 1622 iterumque
643 1545 802 1628 iterumque
810 1543 932 1604 monebo
937 1590 949 1619 ,

82 1619 198 1681 Exuerit
206 1623 336 1701 patrium
346 1619 432 1681 soetirs
446 1623 581 1682 nascentis
591 1643 716 1684 amorem
731 1625 749 1692 ,’

81 1691 123 1756 Ad
134 1717 248 1780 tempus
260 1719 442 1779 mentemque
452 1699 511 1762 alib
523 1701 662 1772 traducat,
673 1723 703 1762 ut
711 1703 767 1782 ipse

86 1775 153 1836 Non
161 1781 221 1856 jam
230 1781 327 1860 operis
340 1799 414 1859 pater
427 1781 457 1838 in
468 1780 494 1838 se
503 1800 602 1839 omnes
615 1800 736 1842 exerceat
747 1785 818 1856 irat,

10 1893 11 1898 κ
84 1854 116 1912 Et
125 1855 213 1919 durus
227 1856 330 1920 censor
340 1855 562 1995 ,eastiFatorque
572 1856 689 1920 severus.

84 1935 189 1998 Omnia
204 1959 268 1999 tuta
277 1940 374 2007 timet,
386 1957 419 1998 ne
431 1939 469 1996 cit
487 1935 536 1996 sibi
546 1957 653 2016 parcere
667 1945 766 2013 Vates,

84 2013 160 2074 Dum
170 2016 195 2076 le
220 2022 242 2077 it
253 2026 282 2078 δι
295 2018 406 2100 relegit,
417 2018 520 2076 vitium
531 2019 681 2097 piatomne
693 2019 831 2102 legendo,

84 2093 153 2168 Qua
163 2037 257 2158 dubia
268 2095 318 2155 sub
327 2099 409 2158 noste
417 2096 519 2167 latent,
532 2105 558 2158 &
568 2101 676 2178 egentia
686 2101 763 2174 luce,

85 2168 137 2229 Dat
145 2170 236 2235 lucem
249 2219 259 2246 ,
270 2177 373 2236 &velis
384 2175 430 2236 dat
440 2174 550 2235 noscere
563 2181 632 2238 Vera
643 2183 758 2240 remotis
772 2223 782 2251 ,

84 2251 217 2329 Amputat
227 2265 256 2315 &
266 2253 337 2313 delet
349 2254 445 2320 mimis
459 2272 521 2333 apta
534 2303 543 2325 ,
554 2255 710 2324 &consulit
721 2277 817 2334 aures,

84 2325 297 2413 luxuriemque
311 2331 475 2398 minutatim
491 2332 610 2411 depascit
624 2337 748 2396 inanem.

85 2407 175 2486 Atque
186 2431 281 2474 novos
297 2415 376 2490 operi
387 2410 505 2473 delendo
518 2410 647 2494 adjungit
659 2411 796 2491 honores.

84 2482 144 2543 Nec
155 2491 235 2552 cessat
246 2536 255 2563 ,
265 2491 354 2552 donet
366 2489 483 2572 purgati
498 2490 556 2549 labe
567 2491 676 2554 nitescat

85 2564 202 2630 Carmen
213 2618 222 2642 ‚
234 2573 363 2632 venturis
373 2591 443 2650 opus
454 2567 617 2634 admirabile
628 2572 723 2635 saetlis.

119 2645 186 2708 Hae
195 2649 325 2719 nescisse,
337 2651 423 2723 volo,
434 2669 480 2710 tua
490 2646 522 2709 st
534 2671 584 2730 pro
593 2656 712 2714 crimine
723 2675 823 2736 poena:

88 2719 119 2779 Et
127 2725 177 2786 tibi
188 2748 248 2790 non
260 2729 343 2788 aliam
354 2771 363 2801 ,
374 2739 402 2793 δι
413 2728 521 2792 misem
533 2729 712 2814 scriptoribus
724 2755 802 2818 opto.

88 2933 151 2998 Hac
162 2941 369 3006 mihidifficiles
379 2947 523 3009 distabant
532 2947 656 3006 earmina
669 2950 773 3027 Musa,

87 3013 119 3075 Et
138 3016 172 3081 fic
188 3021 314 3088 effatum
324 3045 370 3088 me
384 3025 530 3088 deseruere
544 3027 670 3090 Po‘e'tam.
