2146 3806
115 221 153 273 tt
316 213 742 290 Quantuottm

111 297 174 364 Jam
188 285 285 350 Phoebi
295 295 414 370 patiens,
423 311 471 371 per
483 311 528 350 me
537 294 616 362 licet,
626 311 707 350 exere
718 285 851 366 Musam,

113 377 204 433 Tenta
212 387 417 440 carmen‚ames
427 369 589 442 monstrari,
597 374 724 450 interque
733 372 838 434 sodales

111 451 226 510 Amula
237 450 373 510 lc'tibendi
382 470 454 531 quos
464 451 555 532 gloria
563 452 695 511 carminis
705 469 805 531 urget,

112 529 210 589 Nemo
219 529 287 589 velit
302 549 392 590 tecum
403 533 503 610 scripto
516 530 683 590 contendere
691 531 782 592 verlir.

111 608 178 686 Ipso
187 627 240 690 ego
251 613 364 669 miranti
377 609 474 668 similis
486 653 495 679 ‚
506 631 564 670 uon
575 609 634 670 labe
642 627 763 668 carentes
774 653 783 682 ,

113 689 149 746 Et
159 690 238 748 vultu
249 688 375 748 simulato
384 690 508 748 attollam
522 688 556 748 ad
567 687 653 748 fidera
661 689 765 747 versus.

153 768 203 827 Sed
214 789 271 828 non
286 769 350 828 inde
360 767 424 827 rudi
435 769 528 827 veniat
538 765 640 826 fiducia
650 765 736 828 Musa
752 814 761 838 ‚

112 847 162 905 Ne
171 848 295 907 nimitim
307 846 356 905 ribi
366 848 444 906 crede
454 894 462 916 ,
473 865 532 905 tuas
543 845 587 904 sed
595 844 707 905 consule
716 847 802 904 vires.

114 928 152 984 Et
162 927 213 984 tibi
221 925 405 1005 prescriptam
416 927 513 984 timeas
523 923 705 983 transcurrere
713 945 833 998 metam,

111 1005 174 1062 Nec
182 1009 267 1084 genio
278 1007 464 1083 permittetuo
475 1001 531 1062 stne
540 1005 723 1084 legevagari;
917 1071 921 1078 ,

114 1083 405 1162 lnjeslispetulantem
418 1085 547 1144 animum
558 1083 728 1162 tegedustor
739 1079 862 1145 habenis.

114 1162 217 1221 Audax
228 1163 273 1220 ille
284 1159 337 1222 suit
348 1206 355 1234 ,
366 1163 417 1240 qui
431 1161 491 1222 leud
505 1160 662 1222 afflantibus
674 1166 765 1230 auris,
802 1221 806 1227 ,

82 1288 86 1298 „
114 1240 178 1316 Qui
190 1238 298 1318 placido
308 1239 455 1320 postquam
465 1242 583 1302 deduxit
591 1241 709 1302 flumine
720 1240 862 1314 lembum.

114 1319 256 1384 velivolas
269 1320 397 1380 scandens
408 1324 509 1402 agitata
520 1341 568 1400 pet
580 1340 694 1398 aequora
705 1339 801 1391 naves,

113 1397 195 1458 Itat‘u
206 1400 296 1460 voluit
306 1399 374 1460 se·le
384 1403 559 1461 committere
568 1401 671 1460 uentis.

114 1476 245 1538 Arduum
256 1499 338 1556 opus,
348 1499 458 1538 carmen
469 1499 477 1536 t
489 1499 537 1537 nec
546 1496 578 1537 tu
588 1478 735 1538 tentaveris
745 1477 843 1536 ultro..

155 1554 246 1634 Quod
256 1555 276 1614 fi
286 1553 359 1615 lond
369 1558 509 1637 aliquam,
520 1555 580 1636 qud
593 1562 671 1620 vates
681 1558 746 1638 igne
754 1555 897 1628 calemus,

114 1633 267 1696 Scintillam
278 1634 410 1714 rapuisti;
424 1635 498 1700 haud
507 1635 547 1695 fas
558 1635 610 1695 tibi
619 1634 729 1694 trudere
739 1637 832 1693 versus

116 1713 267 1776 Continuis
277 1759 286 1786 ,
298 1724 325 1775 δι
337 1735 454 1798 magnos
465 1719 495 1775 in
505 1717 597 1796 praelia
608 1713 716 1794 poscere
727 1717 819 1774 Vates.

115 1798 169 1854 Eu
180 1814 198 1852 τ
209 1817 222 1852 u
233 1815 249 1854 t
260 1817 274 1853 ι
287 1815 296 1853 1
311 1797 469 1875 quondam,
479 1793 799 1872 smulatquemcmenro
809 1797 981 1858 Datame·

115 1877 153 1931 Et
163 1873 212 1932 sibi
221 1873 340 1934 conlisus
351 1876 492 1942 nimrim,
503 1871 643 1952 fretusque
654 1871 769 1947 juvent&

115 1954 162 2010 Te
177 1971 288 2012 moneat
297 1954 422 2012 Plta’e'ton
432 1955 507 2013 coelo
516 1952 635 2029 dejeslus
644 1951 679 2010 ab
687 1953 755 2011 alto.

115 2032 180 2089 Sint
189 2030 250 2089 licet
258 2036 376 2112 egregia
386 2036 457 2091 vires
468 2080 477 2102 ,
487 2051 546 2090 non
554 2028 625 2089 astra
634 2030 737 2089 lacellas
749 2073 758 2101 ,

115 2108 179 2168 Nec
188 2110 316 2188 superos,
333 2111 472 2190 centesque
480 2115 579 2180 Jovem
589 2107 732 2166 detrudere
743 2109 889 2190 Olympo,

117 2191 213 2250 Terta
226 2191 383 2272 progenies.
405 2189 509 2249 similis
520 2207 546 2247 re
554 2207 637 2268 poena
649 2188 781 2248 manebit.

154 2271 307 2348 segnitiem
316 2269 422 2330 incusas
431 2314 439 2343 ‚
448 2273 542 2351 pigros
553 2275 580 2328 δι
592 2266 734 2346 Apollinis
744 2269 839 2347 ignes,

116 2348 335 2429 invalidumque
345 2350 436 2410 senem
446 2365 591 2410 conantem
600 2349 724 2406 carmina
732 2341 834 2406 frustra
845 2389 855 2418 ,

68 2447 70 2460 ·
117 2429 251 2486 Carmina
283 2427 402 2511 ualong

119 2505 224 2564 Ebullit
233 2509 273 2563 mi
297 2509 306 2563 i
317 2511 427 2587 languis
435 2508 543 2578 adhuc,
554 2526 633 2568 mens
646 2508 752 2586 integra
763 2503 887 2583 prastat:

117 2583 180 2642 Nec
189 2605 235 2660 me
244 2585 363 2658 deseruit
374 2587 447 2644 calor
456 2586 572 2644 entheus
586 2583 704 2644 :dmihi
716 2581 735 2641 li
745 2581 785 2641 sas

117 2667 167 2720 Me
178 2682 268 2722 totum
278 2679 419 2733 excutere,
437 2667 598 2740 irarumque
607 2663 749 2722 estundere
758 2659 891 2723 habenas.

118 2745 192 2819 Qua
201 2761 258 2802 non
267 2744 433 2810 conjicerem
442 2737 731 2818 flammatoepeslote
740 2742 805 2799 telal

116 2821 161 2878 Te
171 2840 198 2879 te
210 2839 263 2900 ego
276 2849 284 2892 3
296 2819 341 2879 led
352 2839 457 2881 motam
468 2819 574 2900 praestac
584 2839 752 2896 componete
761 2838 896 2882 mentem.

77 2913 85 2922 ·
160 2897 340 2978 l'osleraqua:
356 2898 706 2961 laudabituadmirabitur
714 2917 797 2970 atas,

119 2980 278 3059 Nunquam
290 2977 310 3036 fi
320 2979 421 3052 nescis,
431 2979 516 3062 longa
526 2976 685 3048 intervalla,
696 2995 881 3057 necunquam

118 3059 298 3118 Carminibus
308 3059 429 3120 nocudre
438 3080 542 3131 morae;
556 3079 607 3118 nos
616 3059 705 3118 multa
713 3057 854 3137 polimus,

118 3139 213 3198 Multa
221 3137 399 3200 retrudamus
410 3139 570 3220 rjubet'ipse
581 3138 715 3198 senescere
723 3156 835 3197 carmen

116 3216 225 3276 Noster
234 3219 336 3297 Apollo
348 3261 356 3290 ‚
366 3215 430 3279 licdt
439 3216 651 3298 quamptinulm
660 3235 805 3297 erumpere
814 3219 844 3282 in
853 3239 936 3284 auras

118 3295 271 3375 nonaque
283 3295 483 3359 festinetciritis
491 3298 608 3358 uolitare
619 3315 734 3376 perora.

158 3377 254 3442 Viuite
266 3375 358 3438 felices
367 3421 376 3451 ‚
386 3377 464 3440 nullo
473 3377 575 3458 quibus
586 3394 679 3460 empta
687 3374 797 3446 labore.

403 2453 421 2490 o
432 2434 520 2491 Pietas
531 2429 657 2508 expediat
668 2427 701 2485 ab
709 2445 796 2484 anno.
