2156 3820
32 241 36 248 Ι
176 189 215 229 or
236 173 558 232 Ertcnrnurrr-rn
583 172 741 226 Aruerni
764 173 847 231 Con.
891 189 970 245 315¹

86 248 186 310 Pascua
197 271 230 319 ue
242 265 366 306 mentem
378 244 478 308 laedan't
488 245 620 306 obscoena
632 247 751 306 laboras.

87 333 132 389 lm
152 331 241 390 ieratis
254 369 261 398 ‚
274 336 301 388 &
313 328 426 400 invidie
436 330 613 387 corrector&
626 329 673 384 irae
683 369 698 398 ι

89 351 370 490 Cabigasqucmoras
379 408 419 464 nil
429 425 537 488 magne
548 403 639 465 laudis
652 424 783 487 egentum
796 437 804 478 ς

77 491 123 562 ,Et
132 488 240 548 laudem
250 488 358 548 meritis
369 484 696 562 monstraslcontemnere
710 485 852 560 honores,

85 570 283 646 virtutemque
294 566 372 646 sequi
383 566 427 638 yei
439 564 458 623 fi
469 566 533 643 quis
546 568 658 644 praemia
669 567 757 626 tollat.

87 652 184 725 Quem
200 651 262 706 tulit
275 645 309 714 ad
318 643 426 724 plausus
436 642 552 704 ventoso
562 645 652 724 gloria
660 663 763 716 curru,

88 732 129 785 Ut
141 726 263 786 Phaeton
276 743 391 804 praeceps
404 723 482 783 datus
497 725 568 784 olint
578 721 669 784 fabula
678 723 733 784 fiet.

87 808 158 866 Huc
174 823 303 884 praecepta
314 804 407 864 dabas.
427 808 512 885 Perge
522 799 556 860 b!
567 801 601 865 sit
614 806 669 864 itur
679 804 714 863 ad
726 798 817 876 astru,

86 889 117 942 Si
131 883 217 945 modo
231 903 358 962 preterca
369 886 426 943 vira
435 904 493 942 non
504 879 638 964 discrepet
648 884 729 944 ordo.

88 965 155 1022 Hoc
166 963 234 1040 quid
245 960 277 1020 sit
286 963 397 1022 tandem
407 975 415 1020 t
426 964 517 1041 paucis
527 962 652 1034 adverte,
662 963 780 1023 docebo.
859 993 865 1010 ·

87 1044 274 1107 Noncircum
284 1044 383 1100 tetram
395 1043 520 1100 Meliano
533 1043 563 1100 in
577 1041 699 1104 carmine
711 1041 839 1105 fraudem

52 1139 55 1147 ·
89 1125 156 1182 Huc
164 1140 291 1184 revocem
300 1119 422 1178 nimium
431 1119 524 1179 allexit
534 1137 599 1179 tnnc
609 1124 699 1202 gloria
710 1122 731 1190 st
739 1141 781 1196 te,

89 1205 210 1261 Foenore
219 1210 245 1260 &
254 1200 363 1258 occulto
373 1194 481 1258 tentasti
492 1217 613 1277 quaerere
624 1202 749 1273 laudem,

88 1281 162 1340 Non
175 1279 281 1339 insueta
295 1277 348 1358 piae
358 1275 468 1350 tentasti
477 1279 597 1337 crimina
610 1281 697 1360 genti.

69 1427 72 1434 ,
88 1356 261 1439 Deprehensi
272 1377 333 1418 tum
345 1355 420 1418 hand
433 1357 503 1432 bella
515 1355 570 1416 suit
580 1377 627 1418 tua
638 1356 712 1418 sarna
724 1359 858 1430 Jurtrtcr

89 1443 130 1499 At
139 1437 263 1518 puduisse
272 1436 428 1498 semelsttis
440 1435 497 1510 est,
510 1455 618 1517 peccare
630 1436 709 1496 tibisr

86 1525 163 1580 Ante
173 1515 238 1579 saris
249 1517 348 1590 fuerit,
360 1539 450 1598 neque
459 1537 533 1578 nunc
543 1523 649 1597 majora
657 1519 796 1579 retractes.

87 1599 148 1658 Abs
158 1616 199 1668 te,
210 1597 267 1656 stre
277 1600 380 1680 igitur,
390 1619 453 1658 nam
464 1596 578 1678 grandis
591 1595 713 1677 Epistola
723 1602 810 1680 venit.

86 1685 135 1738 St
145 1695 165 1736 u
176 1697 194 1734 τ
204 1697 223 1736 o
233 1697 249 1736 n
259 1699 271 1740 r
281 1702 315 1748 o,
326 1677 457 1737 iracunda
468 1679 581 1745 minax,
592 1680 750 1735 &carmine
761 1681 838 1756 pejor

88 1755 222 1816 famosos
234 1764 390 1817 Auurnnr
407 1756 502 1816 titulos
511 1754 671 1834 cineresque
681 1757 812 1818 revellens
820 1802 830 1832 ,

88 1833 234 1899 Pontificis
244 1835 329 1894 veluti
340 1835 454 1895 lncessus
467 1833 615 1912 discerpere
630 1836 731 1902 vittas,

90 1920 196 1975 Eruere
205 1923 233 1974 δι
242 1917 341 1992 patrias
352 1913 496 1973 tentaverit
508 1915 612 1990 impius
623 1926 701 1980 aras?

88 1991 253 2054 Monstrum
265 1991 437 2053 horrendum
447 1996 546 2075 ingens
555 1991 606 2051 scis
618 1993 673 2072 ipsc
683 2003 709 2054 &
721 1992 787 2055 scire
796 1991 891 2056 fateris

89 2073 127 2133 Et
137 2071 257 2145 sceleris,
269 2075 347 2150 cujus
357 2073 376 2132 sr
388 2095 471 2154 quem
483 2075 549 2152 quia
559 2074 675 2131 nomine
685 2071 786 2135 frustra

89 2156 219 2224 Terreat,
229 2157 368 2214 autetiam
379 2153 453 2213 baud
464 2149 613 2212 manifesto
622 2151 772 2212 in'lumine
784 2152 913 2228 sontem,

90 2233 177 2290 Hunc
187 2229 286 2308 species
296 2229 626 2312 aliasaeqm,scelerisque
636 2234 758 2290 tumultu

88 2307 236 2372 Permistat
245 2311 433 2391 eapere,ipse,
445 2329 527 2388 puro,
536 2310 610 2368 uitro
621 2307 759 2370 fateberis.
772 2318 863 2390 Atque

86 2397 141 2448 Seu
149 2389 252 2462 calidus
261 2389 392 2470 'sanguis,
405 2389 550 2448 scutetum
564 2387 776 2459 inscitiavexet,

88 2462 213 2528 Stultitib
222 2489 257 2527 ne
266 2487 337 2527 erret
347 2467 491 2539 „nihilum
504 2465 618 2526 distabit
628 2486 663 2525 au
676 2463 729 2529 ira.

87 2546 673 2626 JndiciumquedabitPraetorciviliajura,

90 2633 131 2686 Ut
145 2647 206 2686 reus
217 2624 316 2698 infelix
325 2649 437 2705 cunque
446 2626 638 2708 imploraverit
648 2674 657 2697 ‚
667 2639 750 2710 atque

88 2706 195 2766 Probra
204 2707 346 2775 recantarit
360 2705 430 2783 justa
440 2706 595 2768 formidine
606 2704 687 2766 fustis

88 2787 208 2844 Delator
220 2781 349 2863 testisque
360 2785 440 2848 simul
451 2789 626 2848 temerarius.
647 2787 724 2864 Ergo

89 2869 134 2925 Te
145 2862 279 2924 scribente
291 2863 372 2926 ferox
386 2887 449 2927 nata
457 2865 497 2924 est
510 2865 529 2923 st
540 2866 630 2932 littera
640 2863 751 2922 sontem

7 2948 14 3008 ζ
90 2944 178 3016 Haud
188 2946 255 3003 sevis
268 2944 312 3004 hic
325 2947 431 3003 sceleris
442 2939 572 3003 faciieest
581 2961 607 3000 te
616 2941 763 3022 agnoscere
772 2939 894 3027 dignum

90 3025 153 3084 Nec
161 3021 261 3083 curasse
274 3023 335 3082 satir
345 3021 487 3101 quidquid
497 3019 615 3099 sapiente
623 3021 756 3102 bonoque
764 3019 814 3082 cst.
842 3054 843 3060 κ

91 3103 158 3174 Jnre
168 3099 239 3162 adeb
251 3097 332 3180 possis
343 3100 462 3160 crudelis
472 3103 576 3160 amicus
590 3099 684 3160 haberi
697 3144 705 3172 ,

91 3186 134 3240 Ut
143 3200 168 3240 te
178 3182 221 3240 vel
233 3177 313 3239 tacite
322 3179 495 3262 gemebunda
504 3186 632 3260 po'e’mata
643 3178 763 3260 fignant.

93 3262 177 3336 Quin
188 3265 271 3320 etiam
283 3263 361 3318 liceat
370 3261 477 3319 violens
492 3257 625 3329 habeare,
638 3259 789 3338 nigerque,

91 3338 323 3420 liuidus,atqne
333 3339 406 3399 mtlb
417 3341 525 3420 penitus
547 3339 673 3420 lolligine
683 3339 789 3418 plenus.
822 3420 838 3433 ..

741 3419 855 3496 qu·
