2146 3806
308 161 725 242 Qurnruonrm
937 174 975 244 ῃ

107 241 169 306 Nec
179 243 273 303 malus
285 244 435 322 interpres,
448 261 540 321 neque
550 245 632 301 tantis
646 243 733 304 ledor
748 243 877 324 iniquus.

109 324 240 384 Crescere
255 341 326 402 opus
343 321 436 400 plausu
447 319 593 400 potuilletl
607 322 641 380 ab
653 343 700 382 ore
710 325 828 404 legentis

110 403 251 463 Pertdebat
265 406 338 462 sacra
349 402 521 460 turba:altos
533 400 600 459 dum
613 422 724 479 permen
734 405 827 462 lenius

107 485 248 559 Dumque
258 499 311 560 ego
322 482 401 557 paleo
410 479 507 538 avidos
517 497 685 560 magnarum
696 483 813 542 flumine
824 503 939 560 rerum,

109 559 253 619 Plaufilles
263 561 389 624 recitanti
400 567 406 614 l
417 567 444 618 dr
457 577 532 618 eram
543 563 656 618 recitare
666 559 812 636 superbus:

108 645 157 698 Me
164 639 296 721 jugulas,
310 636 391 715 super
399 635 471 695 astra
481 636 541 696 fero
554 656 580 696 te
592 639 697 698 nobilis
709 639 793 698 ultor.

146 723 213 776 Nos
228 718 426 794 tibi,namque
437 716 533 775 decent
543 717 610 776 velis
623 737 698 778 iruuc
711 737 776 777 veta
785 722 919 796 remotis,

31 864 32 877 χ
109 795 270 858 Reddimus
282 795 339 853 haee
354 814 406 873 pto
421 798 570 874 nequitus,
584 794 660 856 ultro
682 818 716 858 ue
727 796 863 870 fatemur,

31 883 32 892 ¹
110 879 144 935 Es
158 877 202 934 vei
214 874 321 944 adhue,
333 879 406 932 sin
417 892 508 933 rori
521 919 529 945 ,
541 875 634 934 idern:
649 817 802 936 tilsicrescit
811 879 917 950 amica,

106 961 182 1030 Quae
191 951 327 1013 damnosa
335 971 396 1012 atas
407 954 484 1012 aliis:
497 953 549 1012 tibi
564 954 781 1016 carminrsidern

111 1032 157 1092 Est
169 1037 256 1113 vigor
264 1075 273 1099 ,
282 1041 311 1093 ει
320 1031 486 1102 rerumsnns
497 1032 577 1104 iden),
587 1035 740 1094 immensus
751 1035 883 1098 abundat.

109 1116 169 1246 Qpi
183 1131 210 1171 te
231 1114 295 1190 puri
306 1129 390 1168 urunt
403 1113 481 1190 ignes
492 1158 500 1180 ‚
511 1113 579 1170 dum
591 1118 715 1172 carmina
726 1134 819 1176 tantas

111 1195 129 1248 l'
142 1211 193 1250 ena
205 1193 283 1259 Deo,
293 1205 413 1268 purgant
425 1187 446 1246 si
456 1189 577 1269 lrigidus
588 1191 676 1251 offi'cit
686 1191 804 1255 humor:
838 1255 846 1264 ,

108 1270 193 1346 sique
202 1271 272 1328 anni
283 1266 418 1335 notasse,
429 1286 478 1326 tuo
488 1287 513 1326 te
524 1271 642 1342 numine
656 1270 755 1330 servas.

143 1349 207 1408 Nec
216 1350 278 1406 lunt
290 1347 420 1408 mortales
432 1348 553 1408 flamrnae
564 1366 624 1425 quae
636 1348 893 1426 pediusinundant,

107 1427 159 1486 Hae
170 1422 279 1486 fluxite
290 1427 375 1504 polo,
388 1443 458 1486 totas
471 1423 521 1484 sibi
536 1425 661 1486 vendicat
673 1427 776 1500 attltet;

107 1505 209 1564 Terras
219 1506 315 1581 sperne
327 1502 448 1564 humiles
460 1547 467 1572 ,
484 1522 644 1586 magnoque
655 1504 744 1566 dicata
756 1507 883 1570 Tonanti

106 1585 190 1643 Musa
201 1584 296 1650 sonet,
308 1602 403 1643 cantus
418 1582 601 1722 dedpgnatuta
611 1583 743 1662 profanos
753 1607 763 1651 ,¹

107 1663 256 1728 inrideant
272 1662 378 1741 superi,
388 1662 456 1724 dum
484 1680 546 1724 orto
558 1663 653 1722 altaria
666 1663 777 1726 fraudas
792 1687 800 1725 t

104 1745 228 1821 Dempta
244 1738 309 1819 polo
321 1741 438 1802 totidem
450 1789 458 1811 ‚
471 1759 542 1820 quot
554 1741 667 1802 condita
680 1745 804 1802 earmina
817 1738 910 1802 tetris.

107 1823 158 1879 Per
168 1840 195 1881 te
203 1820 346 1880 nobilibus
361 1819 399 1879 sar
410 1819 519 1882 dudum
531 1824 731 1880 immurmurat
743 1821 828 1880 undis

104 1903 245 1977 Sequana,
256 1897 328 1960 ferre
340 1900 415 1958 suam
428 1899 543 1970 docilis,
554 1919 612 1978 quo
623 1895 742 1972 jusseris,
753 1916 870 1960 urnam:

102 1977 212 2038 Ludere
223 1975 378 2039 satdudurn
390 1979 527 2058 nymphas
538 1996 584 2054 pet
594 1996 670 2055 prata
682 1975 799 2045 dedistis

104 2058 166 2125 Janr
180 2076 206 2115 te
222 2055 350 2124 sutilibus
363 2075 438 2116 vates
452 2059 521 2118 later
533 2059 626 2115 exime
636 2055 736 2131 tnufis,

103 2135 180 2193 Nam
190 2154 308 2272 presepe
320 2133 393 2215 sugit
407 2135 476 2196 hora
487 2165 496 2208 t
507 2134 573 2196 audi
587 2138 632 2213 pia
642 2157 707 2196 vota
718 2141 896 2218 precantum?

104 2213 224 2274 Dudtim
235 2215 265 2271 su
280 2218 370 2290 pirant
379 2257 387 2282 ,
397 2215 615 2292 bonushymnos
624 2235 715 2276 annue
727 2217 837 2294 templis

103 2291 221 2350 Nomen
231 2294 332 2374 templa
341 2312 421 2356 tuum
430 2293 548 2363 melitis,
560 2291 648 2374 quim
659 2293 729 2352 dura
738 2293 877 2352 sonabunt

104 2375 171 2434 AEra
181 2419 190 2446 ‚
201 2395 249 2434 aut
259 2373 412 2455 magnifico
425 2373 595 2454 splendentia
606 2391 745 2432 marmora
757 2371 848 2438 cultus

104 2455 139 2512 Et
148 2453 228 2534 quod
241 2455 350 2535 relligio
361 2455 463 2524 servat,
476 2472 533 2511 non
545 2450 655 2512 subruet
671 2469 745 2512 aetas.

141 2531 241 2610 Aspice
252 2553 282 2594 ut
296 2552 436 2592 annorum
447 2531 550 2602 furias,
563 2539 590 2592 dt
604 2549 728 2611 tempora
741 2524 839 2594 contt'a

104 2612 198 2670 Prima
213 2610 441 2691 parens‚eirenm
451 2620 480 2674 δι
495 2609 560 2672 fidei
575 2609 708 2672 nascentis
718 2616 820 2694 origo,

103 2689 321 2772 sacra,augusta
335 2691 405 2751 aedes
420 2700 449 2753 &
464 2689 598 2762 se,atsua
608 2693 670 2767 jura
680 2711 783 2752 tuetur.

103 2767 206 2849 sapitis
222 2769 281 2831 haes
295 2773 563 2850 flammas,bellique
573 2789 681 2850 experta
693 2771 820 2839 sutores,

101 2850 172 2908 Non
182 2847 302 2928 quassata
310 2851 373 2910 loeo
382 2847 438 2924 est,
452 2852 496 2912 sed
505 2852 532 2909 le
542 2853 598 2926 jam
610 2850 727 2910 nubibus
737 2869 839 2928 aequan

101 2928 182 2992 Hans
191 2937 220 2989 &
230 2946 305 2988 amat
315 2933 476 2992 Lonotcus
487 2972 497 3001 ‚
509 2945 640 2987 amarunt
649 2927 719 2990 hane
729 2948 843 3009 quoque
853 2933 961 3006 Regest

96 3016 182 3086 'Regia
192 3008 380 3088 ntmpismisr
389 3011 536 3085 Maiestate
546 3026 669 3068 runaut.
682 3073 685 3080 ,

101 3089 177 3149 Audi
187 3107 219 3148 ut
230 3085 350 3148 terrifico
365 3087 493 3147 resonant
503 3087 589 3165 longa
601 3089 669 3148 atria
679 3105 779 3156 cantu3

100 3167 185 3228 Haud
198 3167 265 3226 alibi
276 3168 425 3224 extulerint
439 3166 506 3226 se-se
516 3164 598 3225 altitis
612 3166 698 3226 ardua
709 3167 789 3224 testis

99 3249 229 3314 Cantica,
241 3265 298 3303 non
313 3247 450 3321 majorem
460 3248 527 3306 alibi
538 3264 585 3324 per
595 3247 718 3302 carmina
729 3242 833 3303 famam

96 3325 202 3385 feceris
215 3323 272 3403 ipse
282 3323 374 3395 tibi,&
389 3327 448 3386 lero
463 3323 645 3385 transmiseris
657 3341 728 3380 aeto.
